@article{yuan2024benchmarking,
  title={Benchmarking spatial clustering methods with spatially resolved transcriptomics data},
  author={Yuan, Zhiyuan and Zhao, Fangyuan and Lin, Senlin and Zhao, Yu and Yao, Jianhua and Cui, Yan and Zhang, Xiao-Yong and Zhao, Yi},
  journal={Nature Methods},
  volume={21},
  number={4},
  pages={712--722},
  year={2024},
  publisher={Nature Publishing Group US New York}
}

@article{cang2023screening,
  title={Screening cell--cell communication in spatial transcriptomics via collective optimal transport},
  author={Cang, Zixuan and Zhao, Yanxiang and Almet, Axel A and Stabell, Adam and Ramos, Raul and Plikus, Maksim V and Atwood, Scott X and Nie, Qing},
  journal={Nature methods},
  volume={20},
  number={2},
  pages={218--228},
  year={2023},
  publisher={Nature Publishing Group US New York}
}
Trevor Hastie, Robert Tibshirani. "Generalized Additive Models." Statistical Science, 1(3) 297-310 August, 1986.
https://doi.org/10.1214/ss/1177013604

@article{hastietibshiraniGAM,
    title={Generalized Additive Models},
    author = {Hastie, Trevor and Tibshirani, Robert},
    journal = {Staistical Science},
    year = {1986},
}

@book{imbens2015causal,
  title={Causal inference in statistics, social, and biomedical sciences},
  author={Imbens, Guido W and Rubin, Donald B},
  year={2015},
  publisher={Cambridge university press}
}

@article{lopes2017power,
    title = {The power metric: a new statistically robust enrichment-type metric for virtual screening applicaiton with early recovery capability},
    author = {Lopes, Julio Cesar Dias, and dos Santos, Fábio Mendes and Martins-José, Andrelly and Augustyns, Koen and De Winter, Hans},
    journal = {Journal of Cheminformatics},
    volume = {9},
    number = {7},
    year = {2017},
    publisher = {Springer Nature}
}

@misc{KhanA,
    title = {Introduction to Cell Signaling},
    howpublished = {\url{https://www.khanacademy.org/science/ap-biology/cell-communication-and-cell-cycle/cell-communication/a/introduction-to-cell-signaling}},
    note = {Accessed: 2024-07-16}
}